@inproceedings{wang2015deep,
  title={Deep learning for image retrieval: What works and what doesn't},
  author={Wang, Huafeng and Cai, Yehe and Zhang, Yanxiang and Pan, Haixia and Lv, Weifeng and Han, Hao},
  booktitle={2015 IEEE International Conference on Data Mining Workshop (ICDMW)},
  pages={1576--1583},
  year={2015},
  organization={IEEE}
}

